@misc{stan-software:2015,
  author = "{Stan Development Team}",
  year = {2015},
  title = {{S}tan: A {C}++ Library for Probability and Sampling,
           Version 2.8.0},
  url = {http://mc-stan.org/}
}

@misc{rstan-software:2015,
  author = "{Stan Development Team}",
  year = {2015},
  title = {{RS}tan: the {R} interface to {S}tan,
           Version 2.8.0},
  url = {http://mc-stan.org/rstan.html}
}

@article{barndorff2012basics,
  title={Basics of {L}{\'e}vy processes},
  author={Barndorff-Nielsen, Ole E and Shephard, Neil},
  journal={Draft Chapter from a book by the authors on {L}{\'e}vy Driven Volatility Models},
  year={2012}
}

@book{gelman2014bayesian,
  title={Bayesian data analysis},
  author={Gelman, Andrew and Carlin, John B and Stern, Hal S and Rubin, Donald B},
  volume={2},
  year={2014},
  publisher={Taylor \& Francis}
}

@incollection{eyal2014majority,
  title={Majority is not enough: {B}itcoin mining is vulnerable},
  author={Eyal, Ittay and Sirer, Emin G{\"u}n},
  booktitle={Financial Cryptography and Data Security},
  pages={436--454},
  year={2014},
  publisher={Springer}
}